@article{non-intrusive-rec,
    author = {Tania Farinella, Sonia Bergamaschi and Laura Po},
    title = {A Non-intrusive Movie Recommendation System},
    howpublished = "\url{https://www.dbgroup.unimo.it/~po/pubs/ODBASE_2012.pdf}",
    year = {2012},
}

@misc{scrapy,
    title = {Scrapy},
    howpublished = "\url{https://scrapy.org/}",
}

@misc{scikit-learn,
    title = {scikit-learn},
    howpublished = "\url{http://scikit-learn.org/stable/}",
}

@book{NLTK,
    author = {Bird, Steven, Edward Loper and Ewan Klein},
    title = {Natural Language Processing with Python},
    publisher = {O’Reilly Media Inc.},
    year = {2009},
}

@misc{penn-treebank,
    title = {Penn Treebank tagset},
    howpublished = "\url{https://catalog.ldc.upenn.edu/ldc99t42}",
}

@article{porter,
    author = {van Rijsbergen, C.J. and Robertson, S.E. and Porter, M.F.},
    publisher = {London: British Library. (British Library Research and Development Report, no. 5587)},
    title = {New models in probabilistic information retrieval},
    year = {1980}
}

@misc{snowball,
    title = {Snowball},
    howpublished = "\url{https://snowballstem.org/}",
}

@article{DBLP:journals/corr/Rong14,
    author    = {Xin Rong},
    title     = {word2vec Parameter Learning Explained},
    journal   = {CoRR},
    volume    = {abs/1411.2738},
    year      = {2014},
    url       = {http://arxiv.org/abs/1411.2738},
    timestamp = {Wed, 07 Jun 2017 14:43:03 +0200},
    biburl    = {http://dblp.uni-trier.de/rec/bib/journals/corr/Rong14},
    bibsource = {dblp computer science bibliography, http://dblp.org}
}

@article{sk09,
    author = {Xiaoyuan Su and Taghi M. Khoshgoftaar},
    journal = {Advances in Artificial Intelligence},
    pages = {19},
    title = {A Survey of Collaborative Filtering Techniques},
    volume = {1425},
    year = {2009},
    doi = {10.1155/2009/421425}
}

@inproceedings{TerveenHill2001,
    address = {Massachusetts},
    author = {Terveen, Loren and Hill, Will},
    booktitle = {HCI In The New Millenium},
    citeulike-article-id = {6113833},
    editor = {Carrol, Jack},
    keywords = {personalization, recommendation},
    pages = {1--21},
    posted-at = {2009-11-15 21:18:56},
    priority = {0},
    publisher = {Addison-Wesley Verlag},
    title = {Beyond {R}ecommender {S}ystems: {H}elping {P}eople {H}elp {E}ach {O}ther},
    year = {2001}
}

@inproceedings{Beel:2013:CAO:2532508.2532511,
    author = {Beel, Joeran and Genzmehr, Marcel and Langer, Stefan and N\"{u}rnberger, Andreas and Gipp, Bela},
    title = {A Comparative Analysis of Offline and Online Evaluations and Discussion of Research Paper Recommender System Evaluation},
    booktitle = {Proceedings of the International Workshop on Reproducibility and Replication in Recommender Systems Evaluation},
    series = {RepSys '13},
    year = {2013},
    isbn = {978-1-4503-2465-6},
    location = {Hong Kong, China},
    pages = {7--14},
    numpages = {8},
    url = {http://doi.acm.org/10.1145/2532508.2532511},
    doi = {10.1145/2532508.2532511},
    acmid = {2532511},
    publisher = {ACM},
    address = {New York, NY, USA},
    keywords = {click-through rate, comparative study, evaluation, offline evaluation, online evaluation, research paper recommender systems},
}

@article{DBLP:journals/corr/ChenOG15,
    author    = {Hung{-}Hsuan Chen and Alexander G. Ororbia II and C. Lee Giles},
    title     = {ExpertSeer: a Keyphrase Based Expert Recommender for Digital Libraries},
    journal   = {CoRR},
    volume    = {abs/1511.02058},
    year      = {2015},
    url       = {http://arxiv.org/abs/1511.02058},
    timestamp = {Wed, 07 Jun 2017 14:41:16 +0200},
    biburl    = {http://dblp.uni-trier.de/rec/bib/journals/corr/ChenOG15},
    bibsource = {dblp computer science bibliography, http://dblp.org}
}

@article{DBLP:journals/corr/abs-1301-3781,
    author    = {Tomas Mikolov and Kai Chen and Greg Corrado and Jeffrey Dean},
    title     = {Efficient Estimation of Word Representations in Vector Space},
    journal   = {CoRR},
    volume    = {abs/1301.3781},
    year      = {2013},
    url       = {http://arxiv.org/abs/1301.3781},
    timestamp = {Wed, 07 Jun 2017 14:42:25 +0200},
    biburl    = {http://dblp.uni-trier.de/rec/bib/journals/corr/abs-1301-3781},
    bibsource = {dblp computer science bibliography, http://dblp.org}
}

@article{DBLP:journals/corr/LeM14,
    author    = {Quoc V. Le and Tomas Mikolov},
    title     = {Distributed Representations of Sentences and Documents},
    journal   = {CoRR},
    volume    = {abs/1405.4053},
    year      = {2014},
    url       = {http://arxiv.org/abs/1405.4053},
    timestamp = {Wed, 07 Jun 2017 14:42:08 +0200},
    biburl    = {http://dblp.uni-trier.de/rec/bib/journals/corr/LeM14},
    bibsource = {dblp computer science bibliography, http://dblp.org}
}

@unpublished{stanford-svd,
    author = {Jure Leskovec and Anand Rajaraman},
    title = {Stanford CS345a: DataMining 56},
    year = {2010},
    url = {https://web.stanford.edu/class/cs345a/slides/11-dim_red.pdf}
}

@inproceedings{Gupta:2013:WFS:2488388.2488433,
    author = {Gupta, Pankaj and Goel, Ashish and Lin, Jimmy and Sharma, Aneesh and Wang, Dong and Zadeh, Reza},
    title = {WTF: The Who to Follow Service at Twitter},
    booktitle = {Proceedings of the 22Nd International Conference on World Wide Web},
    series = {WWW '13},
    year = {2013},
    isbn = {978-1-4503-2035-1},
    location = {Rio de Janeiro, Brazil},
    pages = {505--514},
    numpages = {10},
    url = {http://doi.acm.org/10.1145/2488388.2488433},
    doi = {10.1145/2488388.2488433},
    acmid = {2488433},
    publisher = {ACM},
    address = {New York, NY, USA},
    keywords = {graph processing, hadoop, link prediction},
}

@misc{nlp-gensim,
    author = {Samy Zafrany},
    title = {NLP with gensim (word2vec)},
    url = {http://www.samyzaf.com/ML/nlp/nlp.html},
}

@Article{Beel2016,
    author={Beel, Joeran and Gipp, Bela and Langer, Stefan and Breitinger, Corinna},
    title={Research-paper recommender systems: a literature survey},
    journal={International Journal on Digital Libraries},
    year={2016},
    month={11},
    day={01},
    volume={17},
    number={4},
    pages={305--338},
    issn={1432-1300},
    doi={10.1007/s00799-015-0156-0},
    url={http://dx.doi.org/10.1007/s00799-015-0156-0}
}

@article{2009arXiv0909.4061H,
    author = {{Halko}, N. and {Martinsson}, P.-G. and {Tropp}, J.~A.},
    title = "{Finding structure with randomness: Probabilistic algorithms for constructing approximate matrix decompositions}",
    journal = {ArXiv e-prints},
    archivePrefix = "arXiv",
    eprint = {0909.4061},
    primaryClass = "math.NA",
    keywords = {Mathematics - Numerical Analysis, Mathematics - Probability},
    year = 2009,
    month = sep,
    adsurl = {http://adsabs.harvard.edu/abs/2009arXiv0909.4061H},
    adsnote = {Provided by the SAO/NASA Astrophysics Data System}
}


@inproceedings{rehurek_lrec,
    title = {{Software Framework for Topic Modelling with Large Corpora}},
    author = {Radim {\v R}eh{\r u}{\v r}ek and Petr Sojka},
    booktitle = {{Proceedings of the LREC 2010 Workshop on New Challenges for NLP Frameworks}},
    pages = {45--50},
    year = 2010,
    month = May,
    day = 22,
    publisher = {ELRA},
    address = {Valletta, Malta},
    note={\url{http://is.muni.cz/publication/884893/en}},
    language={English}
}

@inproceedings{Lesk:1986:ASD:318723.318728,
    author = {Lesk, Michael},
    title = {Automatic Sense Disambiguation Using Machine Readable Dictionaries: How to Tell a Pine Cone from an Ice Cream Cone},
    booktitle = {Proceedings of the 5th Annual International Conference on Systems Documentation},
    series = {SIGDOC '86},
    year = {1986},
    isbn = {0-89791-224-1},
    location = {Toronto, Ontario, Canada},
    pages = {24--26},
    numpages = {3},
    url = {http://doi.acm.org/10.1145/318723.318728},
    doi = {10.1145/318723.318728},
    acmid = {318728},
    publisher = {ACM},
    address = {New York, NY, USA},
}

@misc{skip-gram-exp,
    author = {Laura Lorenz},
    title = {Forward Propagation: Building a Skip-Gram Net From the Ground Up Part 1: Skip-gram Feedforward},
    url = {http://blog.districtdatalabs.com/nlp-research-lab-part-3-forward-propagation-1},
}

@inproceedings{Felfernig:2007:VFS:1620113.1620117,
    author = {Felfernig, A. and Isak, K. and Szabo, K. and Zachar, P.},
    title = {The VITA Financial Services Sales Support Environment},
    booktitle = {Proceedings of the 19th National Conference on Innovative Applications of Artificial Intelligence - Volume 2},
    series = {IAAI'07},
    year = {2007},
    isbn = {978-1-57735-323-2},
    location = {Vancouver, British Columbia, Canada},
    pages = {1692--1699},
    numpages = {8},
    url = {http://dl.acm.org/citation.cfm?id=1620113.1620117},
    acmid = {1620117},
    publisher = {AAAI Press},
}

@article{GARCACUESTA2011,
    doi = {10.1142/s0129065711002663},
    url = {https://doi.org/10.1142/s0129065711002663},
    year  = {2011},
    month = {feb},
    publisher = {World Scientific Pub Co Pte Lt},
    volume = {21},
    number = {01},
    pages = {95--101},
    author = {Esteban García-Cuesta and Inés M. Galván and Antonio J. De Castro},
    title = {RECURSIVE DISCRIMINANT REGRESSION ANALYSIS TO FIND HOMOGENEOUS GROUPS},
    journal = {International Journal of Neural Systems}
}

@misc{imdb,
    title = {IMDb},
    howpublished = "\url{www.imdb.com}",
}

@article{Borko:1963:ADC:321160.321165,
    author = {Borko, Harold and Bernick, Myrna},
    title = {Automatic Document Classification},
    journal = {J. ACM},
    issue_date = {April 1963},
    volume = {10},
    number = {2},
    month = apr,
    year = {1963},
    issn = {0004-5411},
    pages = {151--162},
    numpages = {12},
    url = {http://doi.acm.org/10.1145/321160.321165},
    doi = {10.1145/321160.321165},
    acmid = {321165},
    publisher = {ACM},
    address = {New York, NY, USA},
}

@ARTICLE{Deerwester90indexingby,
    author = {Scott Deerwester and Susan T. Dumais and George W. Furnas and Thomas K. Landauer and Richard Harshman},
    title = {Indexing by latent semantic analysis},
    journal = {JOURNAL OF THE AMERICAN SOCIETY FOR INFORMATION SCIENCE},
    year = {1990},
    volume = {41},
    number = {6},
    pages = {391--407}
}

@inproceedings{Onuma2009,
    doi = {10.1145/1557019.1557093},
    url = {https://doi.org/10.1145/1557019.1557093},
    year  = {2009},
    publisher = {{ACM} Press},
    author = {Kensuke Onuma and Hanghang Tong and Christos Faloutsos},
    title = {{TANGENT}},
    booktitle = {Proceedings of the 15th {ACM} {SIGKDD} international conference on Knowledge discovery and data mining - {KDD} {\textquotesingle}09}
}

@inproceedings{emodelo,
    doi = {10.5220/0006209602330238},
    url = {http://abacus.universidadeuropea.es/handle/11268/6365},
    year  = {2017},
    publisher = {{SCITEPRESS} - Science and Technology Publications},
    author = {Esteban García-Cuesta and Daniel  Gómez-Vergel and Luis Gracias Expósito and María Vela-Pérez},
    title = {Prediction of User Opinion for Products - A Bag-of-Words and Collaborative Filtering based Approach},
    booktitle = {Proceedings of the 6th International Conference on Pattern Recognition Applications and Methods}
}
